@ARTICLE {carvalho.tenorio.cavalcanti.2006,
    author  = "Francisco de A.T. de Carvalho and Camilo P. Ten√≥rio and Nicomedes L. Cavalcanti Junior",
    title   = "Partitional fuzzy clustering methods based on adaptive quadratic distances",
    journal = "Fuzzy Sets and Systems",
    year    = "2006",
    volume  = "157",
    pages   = "2833-2857",
    month   = "jun"
}

@BOOK {duda.hart.stork.2000,
    author    = "Richard O. Duda and Peter E. Hart and David G. Stork",
    title     = "Pattern Classification",
    publisher = "Wiley-Interscience",
    year      = "2000",
    edition   = "second"
}